@book{book1,
	author    = "Markus Aleksy, Axel Korthaus, Martin Schader",
	title     = "Implementing Distributed Systems with Java and CORBA",
	note     = "Google books preview"
}

@book{omniorbuserguide,
	author = "Duncan Grisby",
	title = "The omniORB version 4.1 User's Guide",
	note = "http://omniorb.sourceforge.net/omni41/omniORB.pdf"
}

@misc{omniorbpage,
  title = {{omniORB Offizielle Website}},
  howpublished = "\url{http://omniorb.sourceforge.net/}",
  year = {2014}, 
  note = "[Online; accessed Jan-09-2014]"
}

@misc{jacorbpage,
  title = {{JacORB Offizielle Website}},
  howpublished = "\url{http://www.jacorb.org/}",
  year = {2014}, 
  note = "[Online; accessed Jan-09-2014]"
}